@unpublished{script,
	author = "Jan Kierfeld",
	title = "Computational Physics",
	date = "2016-03-22"
}

@online{wiki,
        url =
        "https://en.wikipedia.org/wiki/List_of_integrals_of_exponential_functions#Definite_integrals",
        author = "Wikipedia",
        date = "2016-04-28"
} 
@online{wiki2,
        url =
        "https://de.wikipedia.org/wiki/Multipolentwicklung#Kartesische_Multipolentwicklung",
        author = "Wikipedia",
        date = "2016-04-28"
} 
