@unpublished{script,
	author = "Jan Kierfeld",
	title = "Computational Physics",
	date = "2016-03-22"
}
@online{zaun,
    author = "Wikipedia",
    url = "https://de.wikipedia.org/wiki/Zaunpfahlproblem#Distanz_vs._Anzahl",
    date = "2016-03-22" 
}
